[gd_scene load_steps=2 format=2]

[ext_resource path="res://leaderboard/Leaderboard.gd" type="Script" id=1]

[node name="Leaderboard" type="Node2D"]
script = ExtResource( 1 )

[node name="GetLeaderboardRequest" type="HTTPRequest" parent="."]

[node name="SubmitLeaderboardScore" type="HTTPRequest" parent="."]

[node name="CanvasLayer" type="CanvasLayer" parent="."]

[node name="Leaderboard" type="Control" parent="CanvasLayer"]
margin_right = 40.0
margin_bottom = 40.0
__meta__ = {
"_edit_use_anchors_": false
}

[node name="Panel" type="Panel" parent="CanvasLayer/Leaderboard"]
margin_left = 104.118
margin_top = 38.7104
margin_right = 893.118
margin_bottom = 513.71
__meta__ = {
"_edit_use_anchors_": false
}

[node name="Top10Label" type="Label" parent="CanvasLayer/Leaderboard/Panel"]
margin_left = 349.085
margin_top = 24.7013
margin_right = 392.085
margin_bottom = 38.7013
text = "Top 10"

[node name="Top10Grid" type="GridContainer" parent="CanvasLayer/Leaderboard/Panel"]
margin_left = 224.0
margin_top = 70.0
margin_right = 523.0
margin_bottom = 110.0
size_flags_horizontal = 0
columns = 3
__meta__ = {
"_edit_use_anchors_": false
}

[node name="NewGameButton" type="Button" parent="CanvasLayer/Leaderboard"]
margin_left = 420.0
margin_top = 469.0
margin_right = 541.0
margin_bottom = 489.0
text = "Start a new game"
__meta__ = {
"_edit_use_anchors_": false
}

[node name="ScoreSubmitModal" type="Control" parent="CanvasLayer"]
visible = false
modulate = Color( 0.823529, 0.823529, 0.823529, 1 )
margin_right = 40.0
margin_bottom = 40.0
__meta__ = {
"_edit_use_anchors_": false
}

[node name="Panel" type="Panel" parent="CanvasLayer/ScoreSubmitModal"]
margin_left = 270.0
margin_top = 181.0
margin_right = 739.0
margin_bottom = 404.0

[node name="NameLabel" type="Label" parent="CanvasLayer/ScoreSubmitModal/Panel"]
margin_left = 141.701
margin_top = 126.774
margin_right = 181.701
margin_bottom = 140.774
text = "Name"
__meta__ = {
"_edit_use_anchors_": false
}

[node name="NameValue" type="TextEdit" parent="CanvasLayer/ScoreSubmitModal/Panel/NameLabel"]
margin_left = 46.0
margin_top = -4.0
margin_right = 170.0
margin_bottom = 15.0
hint_tooltip = "Player Name"
text = "Player 1"
__meta__ = {
"_edit_use_anchors_": false
}

[node name="ScoreLabel" type="Label" parent="CanvasLayer/ScoreSubmitModal/Panel"]
margin_left = 141.701
margin_top = 91.7738
margin_right = 181.701
margin_bottom = 105.774
text = "Score"
__meta__ = {
"_edit_use_anchors_": false
}

[node name="ScoreValue" type="Label" parent="CanvasLayer/ScoreSubmitModal/Panel/ScoreLabel"]
margin_left = 47.0
margin_right = 87.0
margin_bottom = 14.0
text = "0"
__meta__ = {
"_edit_use_anchors_": false
}

[node name="SubmitYourScoreLabel" type="Label" parent="CanvasLayer/ScoreSubmitModal/Panel"]
margin_left = 158.919
margin_top = 37.0812
margin_right = 278.919
margin_bottom = 51.0812
text = "Submit your score!"

[node name="SubmitScoreButton" type="Button" parent="CanvasLayer/ScoreSubmitModal/Panel"]
margin_left = 188.055
margin_top = 174.282
margin_right = 245.055
margin_bottom = 194.282
disabled = true
text = "Submit"

[node name="CloseScoreSubmitButton" type="Button" parent="CanvasLayer/ScoreSubmitModal"]
margin_left = 709.0
margin_top = 188.0
margin_right = 729.0
margin_bottom = 208.0
text = "X"

[connection signal="request_completed" from="GetLeaderboardRequest" to="." method="_on_GetLeaderboardRequest_request_completed"]
[connection signal="request_completed" from="SubmitLeaderboardScore" to="." method="_on_SubmitLeaderboardScore_request_completed"]
[connection signal="pressed" from="CanvasLayer/Leaderboard/NewGameButton" to="." method="_on_NewGameButton_pressed"]
[connection signal="text_changed" from="CanvasLayer/ScoreSubmitModal/Panel/NameLabel/NameValue" to="." method="_on_NameValue_text_changed"]
[connection signal="pressed" from="CanvasLayer/ScoreSubmitModal/Panel/SubmitScoreButton" to="." method="_on_SubmitScoreButton_pressed"]
[connection signal="pressed" from="CanvasLayer/ScoreSubmitModal/CloseScoreSubmitButton" to="." method="_on_CloseScoreSubmitButton_pressed"]
